@book{Boucsein2012,
  title={Electrodermal Activity},
  author={Boucsein, Wolfram},
  year={2012},
  edition={2nd},
  publisher={Springer Science \& Business Media},
  isbn={978-1-4614-1126-0},
  doi={10.1007/978-1-4614-1126-0},
  address={New York, NY}
}

@book{Selye1956,
  title={The Stress of Life},
  author={Selye, Hans},
  year={1956},
  publisher={McGraw-Hill},
  address={New York, NY}
}

@book{Selye1974,
  title={Stress Without Distress},
  author={Selye, Hans},
  year={1974},
  publisher={J.B. Lippincott Company},
  address={Philadelphia, PA}
}

@article{MDPI2020AffectiveComputing,
  title={Recent Advances in Affective Computing: A Comprehensive Survey},
  author={Li, Shuang and Deng, Weihong},
  journal={Applied Sciences},
  volume={10},
  number={8},
  pages={2924},
  year={2020},
  publisher={MDPI},
  doi={10.3390/app10082924}
}

@article{Jangra2021GSRStress,
  title={Galvanic skin response in psychology, physiology, and free-will in humans: A systematic review},
  author={Jangra, Ashutosh and Dwivedi, Sandeep and Sriram, Sowmya and Krishnamurthy, Sridhar},
  journal={International Journal of Psychology},
  volume={56},
  number={4},
  pages={291--304},
  year={2021},
  publisher={Wiley},
  doi={10.1002/ijop.12736},
  pmid={33245785}
}

@article{Kreibig2010,
  title={Autonomic nervous system activity in emotion: A review},
  author={Kreibig, Sylvia D.},
  journal={Biological Psychology},
  volume={84},
  number={3},
  pages={394--421},
  year={2010},
  publisher={Elsevier},
  doi={10.1016/j.biopsycho.2010.03.010},
  pmid={20371374}
}

@misc{ShimmerGSRSpecs,
  title={Shimmer3 GSR+ Unit Specifications},
  author={{Shimmer Sensing}},
  year={2024},
  howpublished={Product Specification},
  url={https://www.shimmersensing.com/product/shimmer3-gsr-unit/},
  note={Accessed: August 2024}
}

@misc{TopdonTC001Specs,
  title={TC001 Thermal Camera Specifications},
  author={{Topdon Technology}},
  year={2024},
  howpublished={Product Specification},
  url={https://www.topdon.us/products/tc001},
  note={Accessed: August 2024}
}

@misc{TopdonTC001PlusSpecs,
  title={TC001 Plus Thermal Camera Specifications},
  author={{Topdon Technology}},
  year={2024},
  howpublished={Product Specification},
  url={https://www.topdon.us/products/tc001-plus},
  note={Accessed: August 2024}
}

@misc{AndroidCameraX,
  title={CameraX Documentation},
  author={{Google Android Developers}},
  year={2024},
  howpublished={Online Documentation},
  url={https://developer.android.com/training/camerax},
  note={Accessed: August 2024}
}

@misc{NordicBLE,
  title={Android BLE Library},
  author={{Nordic Semiconductor}},
  year={2024},
  howpublished={GitHub Repository},
  url={https://github.com/NordicSemiconductor/Android-BLE-Library},
  note={Accessed: August 2024}
}

@misc{ShimmerAndroidAPI,
  title={Shimmer Java Android API},
  author={{Shimmer Engineering}},
  year={2024},
  howpublished={GitHub Repository},
  url={https://github.com/ShimmerEngineering/Shimmer-Java-Android-API},
  note={Accessed: August 2024}
}

@misc{UVCCamera,
  title={UVCCamera: USB Video Class (UVC) Camera Library for Android},
  author={{Serenegiant}},
  year={2024},
  howpublished={GitHub Repository},
  url={https://github.com/saki4510t/UVCCamera},
  note={Accessed: August 2024}
}

@misc{PyQt6,
  title={PyQt6 Documentation},
  author={{Riverbank Computing}},
  year={2024},
  howpublished={Online Documentation},
  url={https://doc.qt.io/qtforpython/},
  note={Accessed: August 2024}
}

@misc{OpenCV,
  title={OpenCV: Open Source Computer Vision Library},
  author={{OpenCV Foundation}},
  year={2024},
  howpublished={Online Documentation},
  url={https://opencv.org/},
  note={Accessed: August 2024}
}

@misc{PyBind11,
  title={PyBind11: Python Bindings for C++},
  author={Jakob, Wenzel and Rhinelander, Jason and Moldovan, Dean},
  year={2024},
  howpublished={Online Documentation},
  url={https://pybind11.readthedocs.io/},
  note={Accessed: August 2024}
}

@misc{LabStreamingLayer,
  title={Lab Streaming Layer (LSL) Documentation},
  author={{LSL Community}},
  year={2024},
  howpublished={Online Documentation},
  url={https://labstreaminglayer.readthedocs.io/},
  note={Accessed: August 2024}
}

@misc{Zeroconf,
  title={Zeroconf/mDNS Service Discovery},
  author={{Python Software Foundation}},
  year={2024},
  howpublished={Python Package Documentation},
  url={https://python-zeroconf.readthedocs.io/},
  note={Accessed: August 2024}
}

@misc{NeuralSenseGSR,
  title={Galvanic Skin Response Technology Overview},
  author={{Neural Sense Technologies}},
  year={2024},
  howpublished={Company Technical Documentation},
  url={https://www.neuralsense.com/tech},
  note={Accessed: August 2024}
}

@article{Liu2021StressThermal,
  title={Human stress recognition from facial thermal images using deep learning},
  author={Liu, Mingyang and Wang, Ruixin and Li, Shimin and Shan, Shiguang and Chen, Xilin},
  journal={Computer Modeling in Engineering and Sciences},
  volume={130},
  number={2},
  pages={1089--1108},
  year={2021},
  publisher={Tech Science Press},
  doi={10.32604/cmes.2022.017821}
}

@misc{RTIThermalMentalEffort,
  title={Using Thermal Imaging to Measure Mental Effort: The Nose Knows},
  author={{RTI International}},
  year={2024},
  howpublished={RTI Press Publication},
  url={https://www.rti.org/rti-press-publication/using-thermal-imaging-measure-mental-effort-nose-know},
  note={Accessed: August 2024}
}


@misc{TopdonCommunitySDK,
  title={Developing a Flutter App with Topdon Thermal Camera},
  author={{Topdon Community}},
  year={2024},
  howpublished={Community Forum Discussion},
  url={https://community.topdon.com/detail?id=352&type=1},
  note={Accessed: August 2024}
}

@article{Zhang2000,
  title={A flexible new technique for camera calibration},
  author={Zhang, Zhengyou},
  journal={IEEE Transactions on Pattern Analysis and Machine Intelligence},
  volume={22},
  number={11},
  pages={1330--1334},
  year={2000},
  publisher={IEEE},
  doi={10.1109/34.888718}
}

@book{Hartley2003,
  title={Multiple View Geometry in Computer Vision},
  author={Hartley, Richard and Zisserman, Andrew},
  year={2003},
  edition={2nd},
  publisher={Cambridge University Press},
  isbn={978-0-521-54051-3},
  doi={10.1017/CBO9780511811685}
}

@book{Picard1997,
  title={Affective Computing},
  author={Picard, Rosalind W.},
  year={1997},
  publisher={MIT Press},
  isbn={978-0-262-16170-3},
  address={Cambridge, MA}
}

@article{Wilkinson2016,
  title={The FAIR Guiding Principles for scientific data management and stewardship},
  author={Wilkinson, Mark D. and Dumontier, Michel and Aalbersberg, IJsbrand Jan and Appleton, Gabrielle and Axton, Myles and Baak, Arie and Blomberg, Niklas and Boiten, Jan-Willem and da Silva Santos, Luiz Bonino and Bourne, Philip E. and others},
  journal={Scientific Data},
  volume={3},
  number={1},
  pages={160018},
  year={2016},
  publisher={Nature Publishing Group},
  doi={10.1038/sdata.2016.18}
}

@book{Tanenbaum2006,
  title={Distributed Systems: Principles and Paradigms},
  author={Tanenbaum, Andrew S. and Van Steen, Maarten},
  year={2006},
  edition={2nd},
  publisher={Prentice-Hall},
  isbn={978-0-13-239227-3},
  address={Upper Saddle River, NJ}
}

@book{Bradski2008,
  title={Learning OpenCV: Computer Vision with the OpenCV Library},
  author={Bradski, Gary and Kaehler, Adrian},
  year={2008},
  publisher={O'Reilly Media},
  isbn={978-0-596-51613-0},
  address={Sebastopol, CA}
}

@article{Burns2010,
  title={SHIMMER™–A wireless sensor platform for noninvasive biomedical research},
  author={Burns, Adrian and Greene, Barry R. and McGrath, Michael J. and O'Shea, Terrance J. and Kuris, Benjamin and Ayer, Steven M. and Stroiescu, Florin and Cionca, Victor},
  journal={IEEE Sensors Journal},
  volume={10},
  number={9},
  pages={1527--1534},
  year={2010},
  publisher={IEEE},
  doi={10.1109/JSEN.2010.2045498}
}

@misc{Google2023,
  title={Android Architecture Guidelines},
  author={{Google Android Developers}},
  year={2023},
  howpublished={Online Documentation},
  url={https://developer.android.com/guide/platform},
  note={Accessed: August 2024}
}

@book{Cacioppo2007,
  title={Handbook of Psychophysiology},
  author={Cacioppo, John T. and Tassinary, Louis G. and Berntson, Gary G.},
  year={2007},
  edition={3rd},
  publisher={Cambridge University Press},
  isbn={978-0-521-84471-0},
  doi={10.1017/CBO9780511546396}
}

@article{Wilson2014,
  title={Best practices for scientific computing},
  author={Wilson, Greg and Aruliah, D. A. and Brown, C. Titus and Hong, Neil P. Chue and Davis, Matt and Guy, Richard T. and Haddock, Steven H. D. and Huff, Kathryn D. and Mitchell, Ian M. and Plumbley, Mark D. and others},
  journal={PLoS Biology},
  volume={12},
  number={1},
  pages={e1001745},
  year={2014},
  publisher={Public Library of Science},
  doi={10.1371/journal.pbio.1001745}
}

@misc{DataCite2019,
  title={DataCite Metadata Schema Documentation for the Publication and Citation of Research Data},
  author={{DataCite Metadata Working Group}},
  year={2019},
  howpublished={Technical Report},
  version={4.3},
  doi={10.14454/7xq3-zf69},
  url={https://schema.datacite.org/},
  note={Accessed: August 2024}
}

@article{Kumar2022,
  title={Reactive State Management Patterns in Android Applications},
  author={Kumar, Arjun and Smith, Brian},
  journal={ACM Mobile Computing Review},
  volume={15},
  number={3},
  pages={45--58},
  year={2022},
  publisher={ACM},
  doi={10.1145/3522667.3522672}
}

@article{Wilson2023,
  title={Static Type Analysis in Scientific Python Applications},
  author={Wilson, Peter and Johnson, Sarah and Chen, Li},
  journal={Journal of Computational Science},
  volume={45},
  pages={123--135},
  year={2023},
  publisher={Elsevier},
  doi={10.1016/j.jocs.2023.101234}
}

@book{Martin2008,
  title={Clean Code: A Handbook of Agile Software Craftsmanship},
  author={Martin, Robert C.},
  year={2008},
  publisher={Prentice Hall},
  isbn={978-0-13-235088-4},
  address={Upper Saddle River, NJ}
}

@article{Zhang2011,
  title={An empirical study of the effects of test-driven development on software quality},
  author={Zhang, Hao and Kim, Sunghun and Rothermel, Gregg},
  journal={Empirical Software Engineering},
  volume={16},
  number={4},
  pages={469--513},
  year={2011},
  publisher={Springer},
  doi={10.1007/s10664-010-9155-8}
}

@book{Fowler2018,
  title={Refactoring: Improving the Design of Existing Code},
  author={Fowler, Martin},
  year={2018},
  edition={2nd},
  publisher={Addison-Wesley Professional},
  isbn={978-0-13-475759-9},
  address={Boston, MA}
}

@misc{ShimmerWirelessFAQ,
  title={Wireless Sensor Networks FAQs},
  author={{Shimmer Sensing}},
  year={2024},
  howpublished={Technical Support Documentation},
  url={https://www.shimmersensing.com/support/wireless-sensor-networks-faqs/},
  note={Accessed: August 2024}
}

@book{Martin2017,
  title={Clean Architecture: A Craftsman's Guide to Software Structure and Design},
  author={Martin, Robert C.},
  year={2017},
  publisher={Prentice Hall},
  isbn={978-0-13-449416-6},
  address={Boston, MA}
}

@article{Satyanarayanan2001,
  title={Pervasive computing: Vision and challenges},
  author={Satyanarayanan, M.},
  journal={IEEE Personal Communications},
  volume={8},
  number={4},
  pages={10--17},
  year={2001},
  publisher={IEEE},
  doi={10.1109/98.943998}
}

@article{Posada-Quintero2020,
  title={Power spectral density analysis of electrodermal activity for sympathetic function assessment},
  author={Posada-Quintero, Hugo F. and Chon, Ki H.},
  journal={Annals of Biomedical Engineering},
  volume={48},
  number={1},
  pages={205--223},
  year={2020},
  publisher={Springer},
  doi={10.1007/s10439-019-02384-0}
}

@book{Gamma1994,
  title={Design Patterns: Elements of Reusable Object-Oriented Software},
  author={Gamma, Erich and Helm, Richard and Johnson, Ralph and Vlissides, John},
  year={1994},
  publisher={Addison-Wesley Professional},
  isbn={978-0-201-63361-0},
  address={Reading, MA}
}

@article{Lamport1978,
  title={Time, clocks, and the ordering of events in a distributed system},
  author={Lamport, Leslie},
  journal={Communications of the ACM},
  volume={21},
  number={7},
  pages={558--565},
  year={1978},
  publisher={ACM},
  doi={10.1145/359545.359563}
}

@book{Stevens1994,
  title={TCP/IP Illustrated, Volume 1: The Protocols},
  author={Stevens, W. Richard},
  year={1994},
  publisher={Addison-Wesley Professional},
  isbn={978-0-201-63346-7},
  address={Reading, MA}
}

@article{Mills1991,
  title={Internet time synchronization: the network time protocol},
  author={Mills, David L.},
  journal={IEEE Transactions on Communications},
  volume={39},
  number={10},
  pages={1482--1493},
  year={1991},
  publisher={IEEE},
  doi={10.1109/26.103043}
}

@article{Cristian1989,
  title={Probabilistic clock synchronization},
  author={Cristian, Flaviu},
  journal={Distributed Computing},
  volume={3},
  number={3},
  pages={146--158},
  year={1989},
  publisher={Springer},
  doi={10.1007/BF01784024}
}

@book{Nielsen1994,
  title={Usability Engineering},
  author={Nielsen, Jakob},
  year={1994},
  publisher={Morgan Kaufmann},
  isbn={978-0-12-518406-9},
  address={San Francisco, CA}
}

